@misc{hitran1,
    author = {HITRAN},
    url = {https://hitran.org/},
    title = {Main Page},
}

@misc{hitran2,
    author = {HITRAN},
    url = {https://hitran.org/docs/definitions-and-units/},
    title = {Definitions and Units},
}

@misc{hitran3,
    author = {HITRAN},
    url = {https://hitran.org/docs/iso-meta/},
    title = {Partition Functions},
}
